<?xml version="1.0" encoding="utf-8"?>
<record xmlns="http://www.loc.gov/MARC21/slim" xmlns:xsi="http://www.w3.org/2001/XMLSchema-instance" xsi:schemaLocation="http://www.loc.gov/MARC21/slim http://www.loc.gov/standards/marcxml/schema/MARC21slim.xsd">
	<leader>     nam a22        4500</leader>
	<controlfield tag="001">2613615</controlfield>
	<controlfield tag="003">NNC</controlfield>
	<controlfield tag="006">m        d        </controlfield>
	<controlfield tag="007">cr cn |||m|||a</controlfield>
	<controlfield tag="008">170829s1951    iq      o     000 0 ara d</controlfield>
	<datafield ind1=" " ind2=" " tag="040">
		<subfield code="a">NNU</subfield>
		<subfield code="b">eng</subfield>
		<subfield code="e">rda</subfield>
		<subfield code="c">NNU</subfield>
	</datafield>
	<datafield ind1=" " ind2="4" tag="050">
		<subfield code="a">ML332</subfield>
		<subfield code="b">.A9 1951</subfield>
	</datafield>
	<datafield ind1="1" ind2=" " tag="100">
		<subfield code="6">880-01</subfield>
		<subfield code="a">ʻAzzāwī, ʻAbbās.</subfield>
	</datafield>
	<datafield ind1="1" ind2="3" tag="245">
		<subfield code="6">880-02</subfield>
		<subfield code="a">al-Mūsīqá al-ʻIrāqīyah fī ʻahd al-Maghūl wa-al-Turkmān, min sanat 656 H/ 1258 M ilá sanat 941 H/ 1543 M :</subfield>
		<subfield code="b">fī al-mūsīqá al-ʻArabīyah wa-bayān mā ḥadatha fīhā min taṭawwur fī al-ʻIrāq wa-dhikr al-ʻulamāʼ wa-al-muʼallafāt /</subfield>
		<subfield code="c">bi-qalam ʻAbbās al-ʻAzzāwī.</subfield>
	</datafield>
	<datafield ind1=" " ind2=" " tag="260">
		<subfield code="6">880-03</subfield>
		<subfield code="a">Baghdād :</subfield>
		<subfield code="b">Shirkat al-Tijārah wa al-Ṭibāʻah al-Maḥdūdah,</subfield>
		<subfield code="c">1951.</subfield>
	</datafield>
	<datafield ind1=" " ind2=" " tag="300">
		<subfield code="a">online resource (129 pages)</subfield>
	</datafield>
	<datafield ind1=" " ind2=" " tag="336">
		<subfield code="a">text</subfield>
		<subfield code="2">rdacontent</subfield>
	</datafield>
	<datafield ind1=" " ind2=" " tag="337">
		<subfield code="a">computer</subfield>
		<subfield code="2">rdamedia</subfield>
	</datafield>
	<datafield ind1=" " ind2=" " tag="338">
		<subfield code="a">online resource</subfield>
		<subfield code="2">rdacarrier</subfield>
	</datafield>
	<datafield ind1=" " ind2=" " tag="500">
		<subfield code="a">Cover title: Iraqian music under the Mongols and the Turkmans, 1258-1534.</subfield>
	</datafield>
	<datafield ind1=" " ind2=" " tag="500">
		<subfield code="a">Text in Arabic.</subfield>
	</datafield>
	<datafield ind1=" " ind2=" " tag="500">
		<subfield code="a">Appendices (p. 73-129): 1. Kitāb al-malāhī [Book of musical instruments] by al-Mufaḍḍal ibn Salama. 2. Kitāb al-lahū wal-malāhī [Book of music and musical instruments] by Ibn Khurradādhbih. 3. Arjūzāt al-anghām [Melodious verses] by Muḥammad ibn ʻAlī, al-Irbilī.</subfield>
	</datafield>
	<datafield ind1=" " ind2=" " tag="500">
		<subfield code="a">Part of the Arabic Collections Online (ACO) project, contributed by Columbia University Libraries.</subfield>
	</datafield>
	<datafield ind1=" " ind2=" " tag="533">
		<subfield code="a">Electronic reproduction.</subfield>
		<subfield code="b">New York, N.Y. :</subfield>
		<subfield code="c">New York University,</subfield>
		<subfield code="d">2017.</subfield>
		<subfield code="5">NNU</subfield>
	</datafield>
	<datafield ind1=" " ind2="0" tag="650">
		<subfield code="a">Music</subfield>
		<subfield code="z">Iraq</subfield>
		<subfield code="x">History and criticism.</subfield>
	</datafield>
	<datafield ind1=" " ind2="0" tag="650">
		<subfield code="a">Music, Arabic</subfield>
		<subfield code="x">History and criticism.</subfield>
	</datafield>
	<datafield ind1=" " ind2="0" tag="650">
		<subfield code="a">Musical instruments, Arabic.</subfield>
	</datafield>
	<datafield ind1="1" ind2=" " tag="700">
		<subfield code="6">880-04</subfield>
		<subfield code="a">Mufaḍḍal ibn Salama, al-Dabbi,</subfield>
		<subfield code="d">active 9th century.</subfield>
		<subfield code="t">Kitāb al-malāhī.</subfield>
	</datafield>
	<datafield ind1="1" ind2=" " tag="700">
		<subfield code="6">880-05</subfield>
		<subfield code="a">Ibn Khurradādhbih, ʻUbayd Allāh ibn ʻAbd Allāh,</subfield>
		<subfield code="d">approximately 820-approximately 912.</subfield>
		<subfield code="t">Kitāb al-lahū wal-malāhī.</subfield>
	</datafield>
	<datafield ind1="1" ind2=" " tag="700">
		<subfield code="6">880-06</subfield>
		<subfield code="a">Muḥammad ibn ʻAlī, al-Irbilī.</subfield>
		<subfield code="t">Arjūzāt al-anghām.</subfield>
	</datafield>
	<datafield ind1="2" ind2=" " tag="710">
		<subfield code="a">Columbia University.</subfield>
		<subfield code="b">Libraries.</subfield>
	</datafield>
	<datafield ind1="0" ind2=" " tag="730">
		<subfield code="a">Arabic Collections Online.</subfield>
	</datafield>
	<datafield ind1="0" ind2="8" tag="776">
		<subfield code="i">Online version:</subfield>
		<subfield code="a">ʻAzzāwī, ʻAbbās.</subfield>
		<subfield code="t">Mūsīka al-ʻIrāḳīya fī ʻahd al-Mughūl wal-Turkmān.</subfield>
		<subfield code="d">Baghdād, Shirkat al-Tajāra wal-Ṭabāʻa al-Maḥdūda, 1951</subfield>
		<subfield code="w">(OCoLC)701649624</subfield>
	</datafield>
	<datafield ind1="0" ind2="8" tag="776">
		<subfield code="i">Print version:</subfield>
		<subfield code="a">ʻAzzāwī, ʻAbbās.</subfield>
		<subfield code="t">al-Mūsīqá al-ʻIrāqīyah fī ʻahd al-Maghūl wa-al-Turkmān, min sanat 656 H/ 1258 M ilá sanat 941 H/ 1543 M</subfield>
		<subfield code="w">(NNC)2613615</subfield>
		<subfield code="w">(OCoLC)29902973</subfield>
	</datafield>
	<datafield ind1="4" ind2="0" tag="856">
		<subfield code="u">http://hdl.handle.net/2333.1/931zcxbc</subfield>
	</datafield>
	<datafield ind1="1" ind2=" " tag="880">
		<subfield code="6">100-01/r</subfield>
		<subfield code="a">عزاوي، عباس.</subfield>
	</datafield>
	<datafield ind1="1" ind2="2" tag="880">
		<subfield code="6">245-02/r</subfield>
		<subfield code="a">الموسيقى العراقية في عهد المغول والتركمان، من سنة 656 ه/ 1258 م الى سنة 941 ه/ 1543 م :</subfield>
		<subfield code="b">في الموسيقى العربية وبيان ما حدث فيها من تطور في العراق وذكر العلماء والمؤلفات /</subfield>
		<subfield code="c">بقلم عباس العزاوي.</subfield>
	</datafield>
	<datafield ind1=" " ind2=" " tag="880">
		<subfield code="6">260-03/r</subfield>
		<subfield code="a">بغداد :</subfield>
		<subfield code="b">شركة التجارة و الطباعة المحدودة،</subfield>
		<subfield code="c">1951.</subfield>
	</datafield>
	<datafield ind1="1" ind2=" " tag="880">
		<subfield code="6">700-04/r</subfield>
		<subfield code="a">مفضل بن سلمة،</subfield>
		<subfield code="d">-approximately 903.</subfield>
		<subfield code="t">ملاحي.</subfield>
	</datafield>
	<datafield ind1="1" ind2=" " tag="880">
		<subfield code="6">700-05/r</subfield>
		<subfield code="a">ابن خرداذبه، عبيد الله بن عبد الله ،</subfield>
		<subfield code="d">approximately 820-approximately 912.</subfield>
		<subfield code="t">كتاب اللهو والملاهي.</subfield>
	</datafield>
	<datafield ind1="1" ind2=" " tag="880">
		<subfield code="6">700-06/r</subfield>
		<subfield code="a">محمد بن علي، الاربلي.</subfield>
		<subfield code="t">ارجوزات الانغام.</subfield>
	</datafield>
	<datafield ind1=" " ind2=" " tag="959">
		<subfield code="a">NNU</subfield>
		<subfield code="b">WEB</subfield>
		<subfield code="c">GENI</subfield>
		<subfield code="t">0</subfield>
		<subfield code="m">Electronic access</subfield>
		<subfield code="s">01</subfield>
	</datafield>
	<datafield ind1=" " ind2=" " tag="999">
		<subfield code="i">NNC_2613615</subfield>
		<subfield code="o">(OCoLC)ocm29902973</subfield>
		<subfield code="s">columbia_aco002469</subfield>
		<subfield code="e">(ERROR-880)</subfield>
		<subfield code="s">columbia_aco002469</subfield>
	</datafield>
</record>
